% Encoding: UTF-8

@Online{wright2009dtxfile,
  author = {Joseph Wright},
  title  = {A model dtx file},
  year   = {2009},
  date   = {2009-10-06},
  url    = {http://www.texdev.net/2009/10/06/a-model-dtx-file/},
}

@Book{knuth1984texbook,
  author    = {Donald Ervin Knuth},
  title     = {The \TeX book},
  year      = {1986},
  publisher = {Addison-Wesley Reading},
}

@Manual{ctex-2.4.9,
  author  = {CTEX.ORG},
  title   = {\CTeX 宏集手册},
  year    = {2017},
  date    = {2017-04-01},
  version = {2.4.9},
  url     = {https://www.ctan.org/tex-archive/language/chinese/ctex/ctex.pdf},
}

@Manual{thuthesis-5.3.2,
  author  = {薛瑞尼},
  title   = {ThuThesis：清华大学学位论文模板},
  year    = {2017},
  date    = {2017-03-26},
  version = {5.3.2},
  url     = {https://www.ctan.org/tex-archive/macros/latex/contrib/thuthesis/thuthesis.pdf},
}

@Comment{jabref-meta: databaseType:biblatex;}
